<?xml version="1.0" encoding="UTF-8"?><collection xmlns="http://www.loc.gov/MARC21/slim"><record><leader>00550nam--2200193-i-4500</leader><controlfield tag="001">000018912</controlfield><controlfield tag="002">20161230</controlfield><controlfield tag="005">20161230201032</controlfield><controlfield tag="008">060222s1000------------r-----000-0-eng-d</controlfield><datafield ind1=" " ind2=" " tag="040"><subfield code="a">IFIN-HH</subfield></datafield><datafield ind1=" " ind2=" " tag="080"><subfield code="a">519.2:519.21</subfield></datafield><datafield ind1="1" ind2=" " tag="100"><subfield code="a">Feller, W</subfield></datafield><datafield ind1="1" ind2="0" tag="245"><subfield code="a">An introduction to probability theory and its applications</subfield><subfield code="c">William feller</subfield></datafield><datafield ind1=" " ind2=" " tag="260"><subfield code="a">New York, John Wiley, 1958</subfield></datafield><datafield ind1=" " ind2=" " tag="300"><subfield code="a">XV + 626 P</subfield></datafield><datafield ind1=" " ind2=" " tag="490"><subfield code="a">Wiley Series In Probability And Mathematical Statistics</subfield></datafield><datafield ind1=" " ind2=" " tag="787"><subfield code="a">vol.2</subfield></datafield><datafield ind1=" " ind2=" " tag="852"><subfield code="a">13727</subfield><subfield code="c">519.2</subfield></datafield><datafield ind1=" " ind2=" " tag="CAT"><subfield code="a">Sys</subfield><subfield code="c">20100517</subfield><subfield code="h">141410</subfield></datafield></record></collection>